/datadisk/Mega/bibtex_files/tellis.bib