% Encoding: UTF-8

@Preamble{ " \newcommand{\noop}[1]{} " }

@article{hepworth2020natural,
  title={Natural variation in autumn expression is the major adaptive determinant distinguishing \emph{{A}rabidopsis} {FLC} haplotypes},
  author={Hepworth, Jo and Antoniou-Kourounioti, Rea L and Berggren, Kristina and Selga, Catja and Tudor, Eleri H and Yates, Bryony and Cox, Deborah and Harris, Barley Rose Collier and Irwin, Judith A and Howard, Martin and others},
  journal={Elife},
  volume={9},
  pages={e57671},
  year={2020},
  publisher={eLife Sciences Publications Limited}
}

@Article{zacchello2020strong,
  author    = {Zacchello, Giulia and Vinyeta, Mariona and {\AA}gren, Jon},
  journal   = {American Journal of Botany},
  title     = {Strong stabilizing selection on timing of germination in a {M}editerranean population of \emph{{A}rabidopsis thaliana}},
  year      = {2020},
  pages     = {1518–1526},
  volume    = {107},
  publisher = {Wiley Online Library},
}

@article{hepworth2020natural,
  title={Natural variation in autumn expression is the major adaptive determinant distinguishing \emph{{A}rabidopsis} {FLC} haplotypes},
  author={Hepworth, Jo and Antoniou-Kourounioti, Rea L and Berggren, Kristina and Selga, Catja and Tudor, Eleri H and Yates, Bryony and Cox, Deborah and Harris, Barley Rose Collier and Irwin, Judith A and Howard, Martin and others},
  journal={Elife},
  volume={9},
  pages={e57671},
  year={2020},
  publisher={eLife Sciences Publications Limited}
}

@article{lindstrom1999early,
  title={Early development and fitness in birds and mammals},
  author={Lindstr{\"o}m, Jan},
  journal={Trends in Ecology \& Evolution},
  volume={14},
  number={9},
  pages={343--348},
  year={1999},
  publisher={Elsevier}
}

@article{beckerman2002population,
  title={Population dynamic consequences of delayed life-history effects},
  author={Beckerman, Andrew and Benton, Tim G and Ranta, Esa and Kaitala, Veijo and Lundberg, Per},
  journal={Trends in Ecology \& Evolution},
  volume={17},
  number={6},
  pages={263--269},
  year={2002},
  publisher={Elsevier}
}

@article{donohue2014ontogeny,
  title={Why ontogeny matters during adaptation: developmental niche construction and pleiotorpy across the life cycle in \emph{{A}rabidopsis thaliana}},
  author={Donohue, Kathleen},
  journal={Evolution},
  volume={68},
  number={1},
  pages={32--47},
  year={2014},
  publisher={Wiley Online Library}
}

@article{taylor2019large,
  title={Large-effect flowering time mutations reveal conditionally adaptive paths through fitness landscapes in \emph{{A}rabidopsis thaliana}},
  author={Taylor, Mark A and Wilczek, Amity M and Roe, Judith L and Welch, Stephen M and Runcie, Daniel E and Cooper, Martha D and Schmitt, Johanna},
  journal={Proceedings of the National Academy of Sciences},
  volume={116},
  number={36},
  pages={17890--17899},
  year={2019},
  publisher={National Acad Sciences}
}

@article{orr1998population,
  title={The population genetics of adaptation: the distribution of factors fixed during adaptive evolution},
  author={Orr, H Allen},
  journal={Evolution},
  volume={52},
  number={4},
  pages={935--949},
  year={1998},
  publisher={Wiley Online Library}
}

@InCollection{kimura2020neutral,
  author    = {Kimura, Motoo},
  title     = {The neutral theory and molecular evolution},
  booktitle = {My Thoughts on Biological Evolution},
  publisher = {Springer},
  year      = {1983},
  pages     = {119--138},
}

@article{martinez2020functional,
  title={Functional variants of DOG1 control seed chilling responses and variation in seasonal life-history strategies in Arabidopsis thaliana},
  author={Martinez-Berdeja, Alejandra and Stitzer, Michelle C and Taylor, Mark A and Okada, Miki and Ezcurra, Exequiel and Runcie, Daniel E and Schmitt, Johanna},
  journal={Proceedings of the National Academy of Sciences},
  volume={117},
  number={5},
  pages={2526--2534},
  year={2020},
  publisher={National Acad Sciences}
}

@article{caicedo2004epistatic,
  title={Epistatic interaction between \emph{{A}rabidopsis} {FRI} and {FLC} flowering time genes generates a latitudinal cline in a life history trait},
  author={Caicedo, Ana L and Stinchcombe, John R and Olsen, Kenneth M and Schmitt, Johanna and Purugganan, Michael D},
  journal={Proceedings of the National Academy of Sciences},
  volume={101},
  number={44},
  pages={15670--15675},
  year={2004},
  publisher={National Acad Sciences}
}

@article{korves2007fitness,
  title={Fitness effects associated with the major flowering time gene {FRIGIDA} in \emph{{A}rabidopsis thaliana} in the field},
  author={Korves, Tonia M and Schmid, Karl J and Caicedo, Ana L and Mays, Charlotte and Stinchcombe, John R and Purugganan, Michael D and Schmitt, Johanna},
  journal={The American Naturalist},
  volume={169},
  number={5},
  pages={E141--E157},
  year={2007},
  publisher={The University of Chicago Press}
}

@article{van2012comparative,
  title={A comparative study of seed yield parameters in \emph{{A}rabidopsis thaliana} mutants and transgenics},
  author={Van Daele, Inge and Gonzalez, Nathalie and Vercauteren, Ilse and de Smet, Lien and Inz{\'e}, Dirk and Rold{\'a}n-Ruiz, Isabel and Vuylsteke, Marnik},
  journal={Plant biotechnology journal},
  volume={10},
  number={4},
  pages={488--500},
  year={2012},
  publisher={Wiley Online Library}
}

@article{gnan2014genetic,
  title={The genetic basis of natural variation in seed size and seed number and their trade-off using \emph{{A}rabidopsis thaliana} {MAGIC} lines},
  author={Gnan, Sebastian and Priest, Anne and Kover, Paula X},
  journal={Genetics},
  volume={198},
  number={4},
  pages={1751--1758},
  year={2014},
  publisher={Genetics Soc America}
}
@article{nadarajah2005generalized,
  title={A generalized normal distribution},
  author={Nadarajah, Saralees},
  journal={Journal of Applied Statistics},
  volume={32},
  number={7},
  pages={685--694},
  year={2005},
  publisher={Taylor \& Francis}
}


@article{ren2019new,
  title={A new regulator of seed size control in \emph{{A}rabidopsis} identified by a genome-wide association study},
  author={Ren, Diqiu and Wang, Xuncheng and Yang, Mei and Yang, Li and He, Guangming and Deng, Xing Wang},
  journal={New Phytologist},
  volume={222},
  number={2},
  pages={895--906},
  year={2019},
  publisher={Wiley Online Library}
}


@article{moore2013mapping,
  title={Mapping quantitative trait loci affecting \emph{{A}rabidopsis thaliana} seed morphology features extracted computationally from images},
  author={Moore, Candace R and Gronwall, David S and Miller, Nathan D and Spalding, Edgar P},
  journal={G3: Genes, Genomes, Genetics},
  volume={3},
  number={1},
  pages={109--118},
  year={2013},
  publisher={G3: Genes, Genomes, Genetics}
}

@article{kover2009multiparent,
  title={A multiparent advanced generation inter-cross to fine-map quantitative traits in \emph{{A}rabidopsis thaliana}},
  author={Kover, Paula X and Valdar, William and Trakalo, Joseph and Scarcelli, Nora and Ehrenreich, Ian M and Purugganan, Michael D and Durrant, Caroline and Mott, Richard},
  journal={PLoS genetics},
  volume={5},
  number={7},
  year={2009},
  publisher={Public Library of Science}
}


@article{jiang1995multiple,
  title={Multiple trait analysis of genetic mapping for quantitative trait loci.},
  author={Jiang, Changjian and Zeng, Zhao-Bang},
  journal={Genetics},
  volume={140},
  number={3},
  pages={1111--1127},
  year={1995},
  publisher={Genetics Soc America}
}

@article{beavis1998qtl,
  title={QTL analyses: power, precision, and accuracy},
  author={Beavis, William D},
  journal={Molecular dissection of complex traits},
  volume={1998},
  pages={145--162},
  year={1998}
}

@article{latta2009path,
  title={Path analysis of natural selection via survival and fecundity across contrasting environments in \emph{{A}vena barbata}},
  author={Latta, Robert G and McCain, C},
  journal={Journal of Evolutionary Biology},
  volume={22},
  number={12},
  pages={2458--2469},
  year={2009},
  publisher={Wiley Online Library}
}

@article{kingsolver2001strength,
  title={The strength of phenotypic selection in natural populations},
  author={Kingsolver, Joel G and Hoekstra, Hopi E and Hoekstra, Jon M and Berrigan, David and Vignieri, Sacha N and Hill, CE and Hoang, Anhthu and Gibert, Patricia and Beerli, Peter},
  journal={The American Naturalist},
  volume={157},
  number={3},
  pages={245--261},
  year={2001},
  publisher={The University of Chicago Press}
}

@article{kingsolver2011phenotypic,
  title={Phenotypic selection in natural populations: what limits directional selection?},
  author={Kingsolver, Joel G and Diamond, Sarah E},
  journal={The American Naturalist},
  volume={177},
  number={3},
  pages={346--357},
  year={2011},
  publisher={University of Chicago Press Chicago, IL}
}

@Article{postma2018among,
  author    = {Postma, Froukje M and {\AA}gren, Jon},
  title     = {Among-year variation in selection during early life stages and the genetic basis of fitness in \emph{{A}rabidopsis thaliana}},
  journal   = {Molecular Ecology},
  year      = {2018},
  volume    = {27},
  number    = {11},
  pages     = {2498--2511},
  publisher = {Wiley Online Library},
}

@Article{cohu2013minor,
  author    = {Cohu, Christopher M and Muller, Onno and Demmig-Adams, Barbara and Adams III, William Walter},
  title     = {Minor loading vein acclimation for three \emph{{A}rabidopsis thaliana} ecotypes in response to growth under different temperature and light regimes},
  journal   = {Frontiers in Plant Science},
  year      = {2013},
  volume    = {4},
  pages     = {240},
  publisher = {Frontiers},
}

@Article{adams2014associations,
  author    = {Adams, William Walter and Cohu, Christopher M and Amiard, V{\'e}ronique and Demmig-Adams, Barbara},
  title     = {Associations between the acclimation of phloem-cell wall ingrowths in minor veins and maximal photosynthesis rate},
  journal   = {Frontiers in Plant Science},
  year      = {2014},
  volume    = {5},
  pages     = {24},
  publisher = {Frontiers},
}

@Article{agren_flowering_time,
  Title                    = {Adaptive divergence in flowering time among natural populations of \emph{{A}rabidopsis thaliana}: {E}stimates of selection and {QTL} mapping},
  Author                   = {{\AA}gren, Jon and Oakley, Christopher G and Lundemo, Sverre and Schemske, Douglas W},
  Journal                  = {Evolution},
  Year                     = {2017},
  Number                   = {3},
  Pages                    = {550--564},
  Volume                   = {71},

  Publisher                = {Wiley Online Library}
}

@Article{agren_genetic_2013,
  Title                    = {Genetic mapping of adaptation reveals fitness tradeoffs in \emph{{A}rabidopsis thaliana}},
  Author                   = {{\AA}gren, Jon and Oakley, Christopher G. and McKay, John K. and Lovell, John T. and Schemske, Douglas W.},
  Journal                  = {Proceedings of the National Academy of Sciences},
  Year                     = {2013},

  Month                    = dec,
  Number                   = {52},
  Pages                    = {21077--21082},
  Volume                   = {110},

  Date-modified            = {2016-07-22 10:37:08 +0000},
  Doi                      = {10.1073/pnas.1316773110},
  ISSN                     = {0027-8424, 1091-6490},
  Keywords                 = {divergent selection, genetic drift, inbreeding, QTL mapping, RIL population},
  Language                 = {en},
  Pmid                     = {24324156},
  Urldate                  = {2016-07-22}
}

@Article{agren_reciprocal_2012,
  Title                    = {Reciprocal transplants demonstrate strong adaptive differentiation of the model organism \emph{{A}rabidopsis thaliana} in its native range},
  Author                   = {{\AA}gren, Jon and Schemske, Douglas W.},
  Journal                  = {New Phytologist},
  Year                     = {2012},

  Month                    = jun,
  Number                   = {4},
  Pages                    = {1112--1122},
  Volume                   = {194},

  Date-modified            = {2016-07-22 10:39:17 +0000},
  Doi                      = {10.1111/j.1469-8137.2012.04112.x},
  ISSN                     = {1469-8137},
  Keywords                 = {adaptation, Arabidopsis, climate, natural selection, reciprocal transplant},
  Language                 = {en}
}

@Article{Sera2004,
  author    = {{\v{S}}er{\'a}, Bo{\v{z}}ena and {\v{S}}er{\'y}, Michal},
  journal   = {Folia Geobotanica},
  title     = {Number and weight of seeds and reproductive strategies of herbaceous plants},
  year      = {2004},
  number    = {1},
  pages     = {27--40},
  volume    = {39},
  groups    = {thoel507:6},
  owner     = {thoel507},
  publisher = {Springer},
  timestamp = {2018.05.10},
}

@Article{agren1994evolution,
  Title                    = {Evolution of trichome number in a naturalized population of Brassica rapa},
  Author                   = {Agren, Jon and Schemske, Douglas W},
  Journal                  = {The American Naturalist},
  Year                     = {1994},
  Number                   = {1},
  Pages                    = {1--13},
  Volume                   = {143},

  Publisher                = {University of Chicago Press}
}

@Article{akiyama2014conflicting,
  author    = {Akiyama, Reiko and {\AA}gren, Jon},
  title     = {Conflicting selection on the timing of germination in a natural population of \emph{{A}rabidopsis thaliana}},
  journal   = {Journal of Evolutionary Biology},
  year      = {2014},
  volume    = {27},
  number    = {1},
  pages     = {193--199},
  publisher = {Wiley Online Library},
}

@Article{albert2008genetics,
  Title                    = {The genetics of adaptive shape shift in stickleback: pleiotropy and effect size},
  Author                   = {Albert, Arianne YK and Sawaya, Sterling and Vines, Timothy H and Knecht, Anne K and Miller, Craig T and Summers, Brian R and Balabhadra, Sarita and Kingsley, David M and Schluter, Dolph},
  Journal                  = {Evolution},
  Year                     = {2008},
  Number                   = {1},
  Pages                    = {76--85},
  Volume                   = {62},

  Publisher                = {BioOne}
}

@Article{alonso1999natural,
  Title                    = {Natural allelic variation at seed size loci in relation to other life history traits of \emph{{A}rabidopsis thaliana}},
  Author                   = {Alonso-Blanco, Carlos and Blankestijn-de Vries, Hetty and Hanhart, Corrie J and Koornneef, Maarten},
  Journal                  = {Proceedings of the National Academy of Sciences},
  Year                     = {1999},
  Number                   = {8},
  Pages                    = {4710--4717},
  Volume                   = {96},
  Publisher                = {National Acad Sciences}
}

@Article{Anderson2013,
  author    = {Anderson, JT and Wagner, MR and Rushworth, CA and Prasad, KVSK and Mitchell-Olds, T},
  journal   = {Heredity},
  title     = {The evolution of quantitative traits in complex environments},
  year      = {2013},
  number    = {1},
  pages     = {4--12},
  volume    = {112},
  groups    = {thoel507:6},
  owner     = {thoel507},
  publisher = {Nature Publishing Group},
  timestamp = {2018.05.10},
}

@Article{Anderson2014,
  author    = {Anderson, Jill T and Lee, Cheng-Ruei and Mitchell-Olds, Thomas},
  journal   = {Evolution},
  title     = {Strong selection genome-wide enhances fitness trade-offs across environments and episides of selection},
  year      = {2014},
  number    = {1},
  pages     = {16--31},
  volume    = {68},
  groups    = {thoel507:6},
  owner     = {thoel507},
  publisher = {Wiley Online Library},
  timestamp = {2018.05.10},
}

@Article{anderson2011life,
  Title                    = {Life-history QTLs and natural selection for flowering time in \emph{{B}oechera stricta}, a perennial relative of \emph{{A}rabidopsis}},
  Author                   = {Anderson, Jill T and Lee, Cheng-Ruei and Mitchell-Olds, Thomas},
  Journal                  = {Evolution},
  Year                     = {2011},
  Number                   = {3},
  Pages                    = {771--787},
  Volume                   = {65},

  Publisher                = {Wiley Online Library}
}

@Article{Anderson2013a,
  author    = {Anderson, Jill T and Lee, Cheng-Ruei and Rushworth, Catherine A and Colautti, Robert I and Mitchell-Olds, Thomas},
  journal   = {Molecular Ecology},
  title     = {Genetic trade-offs and conditional neutrality contribute to local adaptation},
  year      = {2013},
  number    = {3},
  pages     = {699--708},
  volume    = {22},
  groups    = {thoel507:6},
  owner     = {thoel507},
  publisher = {Wiley Online Library},
  timestamp = {2018.05.10},
}

@Article{Anderson2011,
  author    = {Anderson, Jill T and Willis, John H and Mitchell-Olds, Thomas},
  journal   = {Trends in Genetics},
  title     = {Evolutionary genetics of plant adaptation},
  year      = {2011},
  number    = {7},
  pages     = {258--266},
  volume    = {27},
  groups    = {thoel507:6},
  owner     = {thoel507},
  publisher = {Elsevier},
  timestamp = {2018.05.10},
}

@Article{antonovics1970evolution,
  Title                    = {Evolution in closely adjacent plant populations. {VIII}. {C}linal patterns at a mine boundary.},
  Author                   = {Antonovics, Janis and Bradshaw AD},
  Journal                  = {Heredity},
  Year                     = {1970},
  Pages                    = {349--62},
  Volume                   = {25}
}

@Article{arends2010,
  Title                    = {R/qtl: high-throughput multiple QTL mapping},
  Author                   = {Arends, Danny and Prins, Pjotr and Jansen, Ritsert C and Broman, Karl W},
  Journal                  = {Bioinformatics},
  Year                     = {2010},
  Number                   = {23},
  Pages                    = {2990--2992},
  Volume                   = {26},

  Publisher                = {Oxford University Press}
}

@Article{assogba2015ace,
  Title                    = {An ace-1 gene duplication resorbs the fitness cost associated with resistance in Anopheles gambiae, the main malaria mosquito},
  Author                   = {Assogba, Beno{\^\i}t S and Djogb{\'e}nou, Luc S and Milesi, Pascal and Berthomieu, Arnaud and Perez, Julie and Ayala, Diego and Chandre, Fabrice and Makoutod{\'e}, Michel and Labb{\'e}, Pierrick and Weill, Myl{\`e}ne},
  Journal                  = {Scientific Reports},
  Year                     = {2015},
  Pages                    = {14529},
  Volume                   = {5},

  Publisher                = {Nature Publishing Group}
}

@Article{barton1990pleiotropic,
  Title                    = {Pleiotropic models of quantitative variation.},
  Author                   = {Barton, NH},
  Journal                  = {Genetics},
  Year                     = {1990},
  Number                   = {3},
  Pages                    = {773--782},
  Volume                   = {124},

  Publisher                = {Genetics Soc America}
}

@Article{Bazzaz1987,
  author    = {Bazzaz, Fakhri A and Chiariello, Nona R and Coley, Phyllis D and Pitelka, Louis F},
  journal   = {BioScience},
  title     = {Allocating resources to reproduction and defense},
  year      = {1987},
  number    = {1},
  pages     = {58--67},
  volume    = {37},
  groups    = {thoel507:6},
  owner     = {thoel507},
  publisher = {JSTOR},
  timestamp = {2018.05.10},
}

@Article{Black1958,
  author    = {Black, J. N.},
  journal   = {Australian Journal of Agricultural Research},
  title     = {Competition between plants of different initial seed sizes in swards of subterranean clover (\emph{Trifolium subterraneum}) with particular reference to leaf area and the light microclimate},
  year      = {1958},
  number    = {9},
  pages     = {299--318},
  groups    = {thoel507:6},
  owner     = {thoel507},
  timestamp = {2018.05.10},
}

@Article{bono2017emergence,
  Title                    = {The emergence of performance trade-offs during local adaptation: insights from experimental evolution},
  Author                   = {Bono, Lisa M and Smith, Leno B and Pfennig, David W and Burch, Christina L},
  Journal                  = {Molecular Ecology},
  Year                     = {2017},
  Number                   = {7},
  Pages                    = {1720--1733},
  Volume                   = {26},

  Publisher                = {Wiley Online Library}
}

@Article{Brady2005,
  author    = {Brady, Kristy U and Kruckeberg, Arthur R and Bradshaw Jr, Harvey D},
  journal   = {Annu. Rev. Ecol. Evol. Syst.},
  title     = {Evolutionary ecology of plant adaptation to serpentine soils},
  year      = {2005},
  pages     = {243--266},
  volume    = {36},
  groups    = {thoel507:6},
  owner     = {thoel507},
  publisher = {Annual Reviews},
  timestamp = {2018.05.10},
}

@Book{Broman2009,
  Title                    = {A Guide to {QTL} Mapping with {R}/qtl},
  Author                   = {Broman, Karl W and {\v{S}}en, Saunak},
  Publisher                = {Springer},
  Year                     = {2009},

  Owner                    = {thoel507},
  Timestamp                = {2018.05.09}
}

@Article{Broman2003,
  Title                    = {R/qtl: {QTL} mapping in experimental crosses},
  Author                   = {Karl W. Broman and Hao Wu and Saunak Sen and Gary A. Churchill},
  Journal                  = {Bioinformatics},
  Year                     = {2003},
  Pages                    = {889-890},
  Volume                   = {19},

  Owner                    = {thoel507},
  Timestamp                = {2018.05.09}
}

@Article{busoms2015salinity,
  Title                    = {Salinity is an agent of divergent selection driving local adaptation of \emph{{A}rabidopsis thaliana} to coastal habitats},
  Author                   = {Busoms, Silvia and Teres, Joana and Huang, Xinyuan and Bomblies, Kirsten and Danku, John and Douglas, Alex and Weigel, Detlef and Poschenrieder, Charlotte and David, E},
  Journal                  = {Plant Physiology},
  Year                     = {2015},
  Pages                    = {pp--00427},

  Publisher                = {Am Soc Plant Biol}
}

@Article{Curtsinger1994,
  author    = {Curtsinger, James W and Service, Philip M and Prout, Timothy},
  journal   = {The American Naturalist},
  title     = {Antagonistic pleiotropy, reversal of dominance, and genetic polymorphism},
  year      = {1994},
  number    = {2},
  pages     = {210--228},
  volume    = {144},
  groups    = {thoel507:6},
  owner     = {thoel507},
  publisher = {University of Chicago Press},
  timestamp = {2018.05.10},
}

@Book{davison1997bootstrap,
  Title                    = {Bootstrap methods and their application},
  Author                   = {Davison, Anthony Christopher and Hinkley, David Victor},
  Publisher                = {Cambridge university press},
  Year                     = {1997},
  Volume                   = {1}
}

@Article{DeJong1992,
  author    = {De Jong, G and Van Noordwijk, AJ},
  journal   = {The American Naturalist},
  title     = {Acquisition and allocation of resources: Genetic (co-)variances, selection, and life histories},
  year      = {1992},
  number    = {4},
  pages     = {749--770},
  volume    = {139},
  groups    = {thoel507:6},
  owner     = {thoel507},
  publisher = {University of Chicago Press},
  timestamp = {2018.05.10},
}

@Article{dittmar2014flowering,
  Title                    = {Flowering time {QTL} in natural populations of \emph{{A}rabidopsis thaliana} and implications for their adaptive value},
  Author                   = {Dittmar, Emily L and Oakley, Christopher G and {\AA}gren, Jon and Schemske, Douglas W},
  Journal                  = {Molecular Ecology},
  Year                     = {2014},
  Number                   = {17},
  Pages                    = {4291--4303},
  Volume                   = {23},

  Publisher                = {Wiley Online Library}
}

@Article{doerge1996permutation,
  Title                    = {Permutation tests for multiple loci affecting a quantitative character},
  Author                   = {Doerge, Rebecca W and Churchill, Gary A},
  Journal                  = {Genetics},
  Year                     = {1996},
  Number                   = {1},
  Pages                    = {285--294},
  Volume                   = {142},

  Publisher                = {Genetics Soc America}
}

@Article{dudley2005global,
  Title                    = {A global view of pleiotropy and phenotypically derived gene function in yeast},
  Author                   = {Dudley, Aim{\'e}e Marie and Janse, Daniel Maarten and Tanay, Amos and Shamir, Ron and Church, George McDonald},
  Journal                  = {Molecular Systems Biology},
  Year                     = {2005},
  Number                   = {1},
  Volume                   = {1},

  Publisher                = {EMBO Press}
}

@Book{efron1982jackknife,
  Title                    = {The jackknife, the bootstrap, and other resampling plans},
  Author                   = {Efron, Bradley},
  Publisher                = {Siam},
  Year                     = {1982},
  Volume                   = {38}
}

@Manual{ellis_arghqtl,
  title  = {\emph{{a}rghqtl}: Tools for plotting and downstream analysis of multiple {R/qtl} objects in {R}},
  author = {Ellis, Thomas James},
  year   = {2018},
  url    = {https://github.com/ellisztamas/arghqtl},
}

@Article{ellis2016repeated,
  Title                    = {Repeated gains in yellow and anthocyanin pigmentation in flower colour transitions in the {A}ntirrhineae},
  Author                   = {Ellis, Tom J and Field, David L},
  Journal                  = {Annals of Botany},
  Year                     = {2016},
  Number                   = {7},
  Pages                    = {1133--1140},
  Volume                   = {117},

  Doi                      = {10.1093/aob/mcw043},
  Publisher                = {Oxford University Press}
}

@Article{ellis2018efficient,
  Title                    = {Efficient inference of paternity and sibship inference given known maternity via hierarchical clustering},
  Author                   = {Ellis, Thomas James and Field, David Luke and Barton, Nicholas H},
  Journal                  = {Molecular Ecology Resources},
  Year                     = {2018},
  Volume                   = {18},
  pages                    = {988--999},
  Doi                      = {10.1111/1755-0998.12782},
  Publisher                = {Wiley Online Library}
}

@Article{ellis_fecundity_components,
  Title                    = {Positive correlations among components of fitness boost estimates of local adaptation in \emph{{A}rabidopsis thaliana}},
  Author                   = {Ellis, Thomas J and Postma, Froukje M and Oakley, Christopher G and {\AA}gren, Jon},
  Year                     = {in preparation}
}

@Article{el2004quantitative,
  author    = {El-Lithy, Mohamed E and Clerkx, Emile JM and Ruys, Gerda J and Koornneef, Maarten and Vreugdenhil, Dick},
  title     = {Quantitative trait locus analysis of growth-related traits in a new \emph{{A}rabidopsis} recombinant inbred population},
  journal   = {Plant Physiology},
  year      = {2004},
  volume    = {135},
  number    = {1},
  pages     = {444--458},
  publisher = {Am Soc Plant Biol},
}

@Book{Endler1986,
  author    = {Endler, John A},
  publisher = {Princeton University Press},
  title     = {Natural {S}election in the {W}ild},
  year      = {1986},
  address   = {Princeton},
  groups    = {thoel507:6},
  owner     = {thoel507},
  timestamp = {2018.05.10},
}

@Article{falconer1952problem,
  Title                    = {The problem of environment and selection},
  Author                   = {Falconer, Douglas S},
  Journal                  = {The American Naturalist},
  Year                     = {1952},
  Number                   = {830},
  Pages                    = {293--298},
  Volume                   = {86},

  Publisher                = {Science Press}
}

@Book{Falconer1996,
  author    = {Falconer, Douglas S. and Mackay, Trudy F. C.},
  publisher = {Longman},
  title     = {Introduction to quantitative genetics},
  year      = {1996},
  address   = {Harlow, England},
  edition   = {4th edition},
  groups    = {thoel507:6},
  owner     = {thoel507},
  timestamp = {2018.05.10},
}

@Article{fisher1941average,
  Title                    = {Average excess and average effect of a gene substitution},
  Author                   = {Fisher, Ronald Aylmer},
  Journal                  = {Annals of Human Genetics},
  Year                     = {1941},
  Number                   = {1},
  Pages                    = {53--63},
  Volume                   = {11},

  Publisher                = {Wiley Online Library}
}

@Book{Fisher1930,
  author    = {Fisher, Ronald A},
  publisher = {Clarendon Press},
  title     = {The genetical theory of natural selection},
  year      = {1930},
  address   = {Oxford},
  groups    = {thoel507:6},
  owner     = {thoel507},
  timestamp = {2018.05.10},
}

@Article{Fisher1921,
  author    = {Fisher, Ronald A.},
  journal   = {Metron},
  title     = {On the "probable error" of a coefficient of correlation deduced from a small sample},
  year      = {1921},
  pages     = {3-32},
  volume    = {1},
  groups    = {[thoel507:]},
  owner     = {thoel507},
  timestamp = {2018.05.09},
}

@Article{Fisher1918,
  author    = {Fisher, Ronald A},
  journal   = {Trans. R. Soc. Edinburgh},
  title     = {The correlation between relatives under the supposition of {M}endelian inheritance},
  year      = {1918},
  number    = {52},
  pages     = {399--433},
  groups    = {thoel507:6},
  owner     = {thoel507},
  timestamp = {2018.05.10},
}

@Article{flatt2005evolutionary,
  Title                    = {The evolutionary genetics of canalization},
  Author                   = {Flatt, Thomas},
  Journal                  = {The Quarterly Review of Biology},
  Year                     = {2005},
  Number                   = {3},
  Pages                    = {287--316},
  Volume                   = {80},

  Publisher                = {The University of Chicago Press}
}

@Article{fournier2011map,
  Title                    = {A map of local adaptation in \emph{{A}rabidopsis thaliana}},
  Author                   = {Fournier-Level, Alexandre and Korte, Arthur and Cooper, Martha D and Nordborg, M and Schmitt, Johanna and Wilczek, Amity M},
  Journal                  = {Science},
  Year                     = {2011},
  Number                   = {6052},
  Pages                    = {86--89},
  Volume                   = {334},

  Publisher                = {American Association for the Advancement of Science}
}

@Article{fournier2013paths,
  Title                    = {Paths to selection on life history loci in different natural environments across the native range of \emph{{A}rabidopsis thaliana}},
  Author                   = {Fournier-Level, Alexandre and Wilczek, Amity M and Cooper, Martha D and Roe, Judith L and Anderson, Jillian and Eaton, Deren and Moyers, Brook T and Petipas, Renee H and Schaeffer, Robert N and Pieper, Bjorn and others},
  Journal                  = {Molecular Ecology},
  Year                     = {2013},
  Number                   = {13},
  Pages                    = {3552--3566},
  Volume                   = {22},

  Publisher                = {Wiley Online Library}
}

@Article{fry1996evolution,
  Title                    = {The evolution of host specialization: are trade-offs overrated?},
  Author                   = {Fry, James D},
  Journal                  = {The American Naturalist},
  Year                     = {1996},
  Pages                    = {S84--S107},
  Volume                   = {148},

  Publisher                = {University of Chicago Press}
}

@Article{Gambin2010,
  author    = {Gamb{\'\i}n, BL and Borr{\'a}s, L},
  journal   = {Annals of Applied Biology},
  title     = {Resource distribution and the trade-off between seed number and seed weight: a comparison across crop species},
  year      = {2010},
  number    = {1},
  pages     = {91--102},
  volume    = {156},
  groups    = {thoel507:6},
  owner     = {thoel507},
  publisher = {Wiley Online Library},
  timestamp = {2018.05.10},
}

@Article{Gardner2006,
  author    = {Gardner, Kyle M and Latta, Robert G},
  journal   = {Molecular Ecology},
  title     = {Identifying loci under selection across contrasting environments in \emph{{A}vena barbata} using quantitative trait locus mapping},
  year      = {2006},
  number    = {5},
  pages     = {1321--1333},
  volume    = {15},
  groups    = {thoel507:6},
  owner     = {thoel507},
  publisher = {Wiley Online Library},
  timestamp = {2018.05.10},
}

@Article{Geber1990,
  author    = {Geber, Monica A},
  journal   = {Evolution},
  title     = {The cost of meristem limitation in \emph{{P}olygonum arenastrum}: Negative genetic correlations between fecundity and growth},
  year      = {1990},
  pages     = {799--819},
  groups    = {thoel507:6},
  owner     = {thoel507},
  publisher = {JSTOR},
  timestamp = {2018.05.10},
}

@Book{Gillespie2004,
  author    = {Gillespie, John H},
  publisher = {John Hopkins University Press},
  title     = {Population genetics: a concise guide},
  year      = {2004},
  groups    = {thoel507:6},
  owner     = {thoel507},
  timestamp = {2018.05.10},
}

@Article{gruneberg1938analysis,
  Title                    = {An analysis of the “pleiotropic” effects of a new lethal mutation in the rat (Mus norvegicus)},
  Author                   = {Gr{\"u}neberg, Hans},
  Journal                  = {Proc. R. Soc. Lond. B},
  Year                     = {1938},
  Number                   = {838},
  Pages                    = {123--144},
  Volume                   = {125},

  Publisher                = {The Royal Society}
}

@Article{Haley1992,
  author    = {Haley, Chris S and Knott, Sarah A},
  title     = {A simple regression method for mapping quantitative trait loci in line crosses using flanking markers},
  journal   = {Heredity},
  year      = {1992},
  volume    = {69},
  number    = {4},
  pages     = {315--324},
  owner     = {thoel507},
  timestamp = {2018.05.09},
}

@Article{Hall2010,
  author    = {Hall, MC and Lowry, DB and Willis, JH},
  journal   = {Molecular Ecology},
  title     = {Is local adaptation in \emph{{M}imulus guttatus} caused by trade-offs at individual loci?},
  year      = {2010},
  number    = {13},
  pages     = {2739--2753},
  volume    = {19},
  groups    = {thoel507:6},
  owner     = {thoel507},
  publisher = {Wiley Online Library},
  timestamp = {2018.05.10},
}

@Article{Hall2006,
  author    = {Hall, Megan C and Willis, John H},
  journal   = {Evolution},
  title     = {Divergent selection on flowering time contributes to local adaptation in \emph{{M}imulus guttatus} populations},
  year      = {2006},
  number    = {12},
  pages     = {2466--2477},
  volume    = {60},
  groups    = {thoel507:6},
  owner     = {thoel507},
  publisher = {Wiley Online Library},
  timestamp = {2018.05.10},
}

@Article{hancock2011adaptation,
  Title                    = {Adaptation to climate across the \emph{{A}rabidopsis thaliana} genome},
  Author                   = {Hancock, Angela M and Brachi, Benjamin and Faure, Nathalie and Horton, Matthew W and Jarymowycz, Lucien B and Sperone, F Gianluca and Toomajian, Chris and Roux, Fabrice and Bergelson, Joy},
  Journal                  = {Science},
  Year                     = {2011},
  Number                   = {6052},
  Pages                    = {83--86},
  Volume                   = {334},

  Publisher                = {American Association for the Advancement of Science}
}

@Article{Harper1970,
  author    = {Harper, I J and Lovell, P H and Moore, K G},
  journal   = {Annual Review of Ecology and Systematics},
  title     = {The shapes and sizes of seeds},
  year      = {1970},
  number    = {1},
  pages     = {327-356},
  groups    = {thoel507:6},
  owner     = {thoel507},
  timestamp = {2018.05.10},
}

@Article{Hazel1943,
  author    = {Hazel, Lanoy Nelson},
  journal   = {Genetics},
  title     = {The genetic basis for constructing selection indexes},
  year      = {1943},
  number    = {6},
  pages     = {476--490},
  volume    = {28},
  groups    = {thoel507:6},
  owner     = {thoel507},
  publisher = {Genetics Soc America},
  timestamp = {2018.05.10},
}

@Article{Hereford2009,
  author    = {Hereford, Joe},
  journal   = {The American Naturalist},
  title     = {A quantitative survey of local adaptation and fitness trade-offs},
  year      = {2009},
  number    = {5},
  pages     = {579--588},
  volume    = {173},
  groups    = {thoel507:6},
  owner     = {thoel507},
  publisher = {JSTOR},
  timestamp = {2018.05.10},
}

@Article{hill2012pleiotropic,
  Title                    = {On the pleiotropic structure of the genotype--phenotype map and the evolvability of complex organisms},
  Author                   = {Hill, William G and Zhang, Xu-Sheng},
  Journal                  = {Genetics},
  Year                     = {2012},
  Number                   = {3},
  Pages                    = {1131--1137},
  Volume                   = {190},

  Publisher                = {Genetics Soc America}
}

@Article{hodgkin2002seven,
  Title                    = {Seven types of pleiotropy},
  Author                   = {Hodgkin, Jonathon},
  Journal                  = {International Journal of Developmental Biology},
  Year                     = {1998},
  Number                   = {3},
  Pages                    = {501--505},
  Volume                   = {42},

  Publisher                = {UPV/EHU Press}
}

@Article{Houle1991,
  author    = {Houle, David},
  journal   = {Evolution},
  title     = {Genetic covariance of fitness correlates: what genetic correlations are made of and why it matters},
  year      = {1991},
  number    = {3},
  pages     = {630--648},
  volume    = {45},
  groups    = {thoel507:6},
  owner     = {thoel507},
  publisher = {Wiley Online Library},
  timestamp = {2018.05.10},
}

@Article{jansen1993interval,
  Title                    = {Interval mapping of multiple quantitative trait loci.},
  Author                   = {Jansen, Ritsert C},
  Journal                  = {Genetics},
  Year                     = {1993},
  Number                   = {1},
  Pages                    = {205--211},
  Volume                   = {135},

  Publisher                = {Genetics Soc America}
}

@Article{jofuku2005control,
  Title                    = {Control of seed mass and seed yield by the floral homeotic gene APETALA2},
  Author                   = {Jofuku, K Diane and Omidyar, Pamela K and Gee, Zorana and Okamuro, Jack K},
  Journal                  = {Proceedings of the National Academy of Sciences},
  Year                     = {2005},
  Number                   = {8},
  Pages                    = {3117--3122},
  Volume                   = {102},

  Publisher                = {National Acad Sciences}
}

@Article{Juenger2013,
  author    = {Juenger, Thomas E},
  journal   = {Current Opinion in Plant Biology},
  title     = {Natural variation and genetic constraints on drought tolerance},
  year      = {2013},
  number    = {3},
  pages     = {274--281},
  volume    = {16},
  groups    = {thoel507:6},
  owner     = {thoel507},
  publisher = {Elsevier},
  timestamp = {2018.05.10},
}

@Article{Kawecki2004,
  author    = {Kawecki, Tadeusz J and Ebert, Dieter},
  journal   = {Ecology Letters},
  title     = {Conceptual issues in local adaptation},
  year      = {2004},
  number    = {12},
  pages     = {1225--1241},
  volume    = {7},
  groups    = {thoel507:6},
  owner     = {thoel507},
  publisher = {Wiley Online Library},
  timestamp = {2018.05.10},
}

@Article{kingsolver2012synthetic,
  Title                    = {Synthetic analyses of phenotypic selection in natural populations: lessons, limitations and future directions},
  Author                   = {Kingsolver, Joel G and Diamond, Sarah E and Siepielski, Adam M and Carlson, Stephanie M},
  Journal                  = {Evolutionary Ecology},
  Year                     = {2012},
  Number                   = {5},
  Pages                    = {1101--1118},
  Volume                   = {26},
  Publisher                = {Springer}
}

@Article{krannitz1991effect,
  author    = {Krannitz, Pam G and Aarssen, Lonnie W and Dow, Jennifer M},
  title     = {The effect of genetically based differences in seed size on seedling survival in \emph{{A}rabidopsis thaliana} (Brassicaceae)},
  journal   = {American Journal of Botany},
  year      = {1991},
  volume    = {78},
  number    = {3},
  pages     = {446--450},
  publisher = {Wiley Online Library},
}

@Book{Lack1954,
  author    = {Lack, David},
  publisher = {Oxford University Press},
  title     = {The natural regulation of animal numbers},
  year      = {1954},
  address   = {Oxford},
  groups    = {thoel507:6},
  owner     = {thoel507},
  timestamp = {2018.05.10},
}

@Article{Lack1947,
  author    = {Lack, David},
  journal   = {Ibis},
  title     = {The significance of clutch-size},
  year      = {1947},
  number    = {2},
  pages     = {302--352},
  volume    = {89},
  groups    = {thoel507:6},
  owner     = {thoel507},
  publisher = {Wiley Online Library},
  timestamp = {2018.05.10},
}

@Article{lande1982quantitative,
  Title                    = {A quantitative genetic theory of life history evolution},
  Author                   = {Lande, Russell},
  Journal                  = {Ecology},
  Year                     = {1982},
  Number                   = {3},
  Pages                    = {607--615},
  Volume                   = {63},

  Publisher                = {Wiley Online Library}
}

@Article{Lander1989,
  Title                    = {Mapping mendelian factors underlying quantitative traits using {RFLP} linkage maps},
  Author                   = {Lander, Eric S and Botstein, David},
  Journal                  = {Genetics},
  Year                     = {1989},
  Number                   = {1},
  Pages                    = {185--199},
  Volume                   = {121},

  Owner                    = {thoel507},
  Publisher                = {Genetics Soc America},
  Timestamp                = {2018.05.09}
}

@Article{Latta2009,
  author    = {Latta, Robert G},
  journal   = {Molecular Ecology},
  title     = {Testing for local adaptation in \emph{{A}vena barbata}: a classic example of ecotypic divergence},
  year      = {2009},
  number    = {18},
  pages     = {3781--3791},
  volume    = {18},
  groups    = {thoel507:6},
  owner     = {thoel507},
  publisher = {Wiley Online Library},
  timestamp = {2018.05.10},
}

@Article{Latta2010,
  Title                    = {Quantitative trait locus mapping of genes under selection across multiple years and sites in \emph{{A}vena barbata}: epistasis, pleiotropy, and genotype-by-environment interactions},
  Author                   = {Latta, Robert G and Gardner, Kyle M and Staples, David A},
  Journal                  = {Genetics},
  Year                     = {2010},
  Number                   = {1},
  Pages                    = {375--385},
  Volume                   = {185},

  Publisher                = {Genetics Soc America}
}

@Article{latta2010quantitative,
  Title                    = {Quantitative trait locus mapping of genes under selection across multiple years and sites in \emph{{A}vena barbata}: epistasis, pleiotropy, and genotype by environment interactions},
  Author                   = {Latta, Robert G and Gardner, Kyle M and Staples, David A},
  Journal                  = {Genetics},
  Year                     = {2010},

  Publisher                = {Genetics Soc America}
}

@Article{Leimu2008,
  author    = {Leimu, Roosa and Fischer, Markus},
  journal   = {PloS one},
  title     = {A meta-analysis of local adaptation in plants},
  year      = {2008},
  number    = {12},
  pages     = {e4010},
  volume    = {3},
  groups    = {thoel507:6},
  owner     = {thoel507},
  publisher = {Public Library of Science},
  timestamp = {2018.05.10},
}

@Article{Leinonen2013,
  author    = {Leinonen, P{\"a}ivi H and Remington, David L and Lepp{\"a}l{\"a}, Johanna and Savolainen, Outi},
  journal   = {Molecular Ecology},
  title     = {Genetic basis of local adaptation and flowering time variation in \emph{Arabidopsis lyrata}},
  year      = {2013},
  number    = {3},
  pages     = {709--723},
  volume    = {22},
  groups    = {thoel507:6},
  owner     = {thoel507},
  publisher = {Wiley Online Library},
  timestamp = {2018.05.10},
}

@Article{leinonen2011local,
  author    = {Leinonen, P{\"a}ivi H and Remington, David L and Savolainen, Outi},
  title     = {Local adaptation, phenotypic differentiation, and hybrid fitness in diverged natural populations of \emph{{A}rabidopsis lyrata}},
  journal   = {Evolution},
  year      = {2011},
  volume    = {65},
  number    = {1},
  pages     = {90--107},
  publisher = {Wiley Online Library},
}

@InCollection{Leishman2000,
  author    = {Leishman, Michelle R and Wright, Ian J and Moles, Angela T and Westoby, Mark},
  booktitle = {Seeds: The ecology of regeneration in plant communities},
  publisher = {CAB International},
  title     = {The evolutionary ecology of seed size},
  year      = {2000},
  address   = {Wallingford},
  editor    = {Fenner, Michael},
  pages     = {31--57},
  groups    = {thoel507:6},
  owner     = {thoel507},
  timestamp = {2018.05.10},
}

@Article{li2008control,
  Title                    = {Control of final seed and organ size by the {DA1} gene family in \emph{{A}rabidopsis thaliana}},
  Author                   = {Li, Yunhai and Zheng, Leiying and Corke, Fiona and Smith, Caroline and Bevan, Michael W},
  Journal                  = {Genes \& Development},
  Year                     = {2008},
  Number                   = {10},
  Pages                    = {1331--1336},
  Volume                   = {22},

  Publisher                = {Cold Spring Harbor Lab}
}

@Article{Lloyd1987,
  author    = {Lloyd, David G},
  journal   = {American Naturalist},
  title     = {Selection of offspring size at independence and other size-versus-number strategies},
  year      = {1987},
  pages     = {800--817},
  groups    = {thoel507:6},
  owner     = {thoel507},
  publisher = {JSTOR},
  timestamp = {2018.05.10},
}

@Article{lowry2009genetic,
  author    = {Lowry, David B and Hall, Megan C and Salt, David E and Willis, John H},
  title     = {Genetic and physiological basis of adaptive salt tolerance divergence between coastal and inland \emph{{M}imulus guttatus}},
  journal   = {New Phytologist},
  year      = {2009},
  volume    = {183},
  number    = {3},
  pages     = {776--788},
  publisher = {Wiley Online Library},
}

@Article{macel2007climate,
  Title                    = {Climate vs. soil factors in local adaptation of two common plant species},
  Author                   = {Macel, Mirka and Lawson, Clare S and Mortimer, Simon R and {\v{S}}milauerova, Marie and Bischoff, Armin and Cr{\'e}mieux, Lis{\`e}le and Dole{\v{z}}al, Ji{\v{r}}{\'\i} and Edwards, Andrew R and Lanta, Vojt{\^e}ch and Bezemer, T Martijn and others},
  Journal                  = {Ecology},
  Year                     = {2007},
  Number                   = {2},
  Pages                    = {424--433},
  Volume                   = {88},

  Publisher                = {Wiley Online Library}
}

@Article{Maddox1983,
  author    = {Maddox, G David and Antonovics, Janis},
  journal   = {Ecology},
  title     = {Experimental ecological genetics in \emph{{P}lantago}: a structural equation approach to fitness components in \emph{{P}. aristata} and \emph{{P}. patagonica}},
  year      = {1983},
  number    = {5},
  pages     = {1092--1099},
  volume    = {64},
  groups    = {thoel507:6},
  owner     = {thoel507},
  publisher = {Wiley Online Library},
  timestamp = {2018.05.10},
}

@Article{malmberg2005epistasis,
  Title                    = {Epistasis for fitness-related quantitative traits in \emph{{A}rabidopsis thaliana} grown in the field and in the greenhouse},
  Author                   = {Malmberg, Russell L and Held, Stephanie and Waits, Ashleigh and Mauricio, Rodney},
  Journal                  = {Genetics},
  Year                     = {2005},
  Number                   = {4},
  Pages                    = {2013--2027},
  Volume                   = {171},

  Publisher                = {Genetics Soc America}
}

@Article{Mauricio2001,
  author    = {Mauricio, Rodney},
  journal   = {Nature Reviews Genetics},
  title     = {Mapping quantitative trait loci in plants: uses and caveats for evolutionary biology},
  year      = {2001},
  number    = {5},
  pages     = {370--381},
  volume    = {2},
  groups    = {thoel507:6},
  owner     = {thoel507},
  publisher = {Nature Publishing Group},
  timestamp = {2018.05.10},
}

@article{hadfield2006towards,
  title={Towards unbiased parentage assignment: combining genetic, behavioural and spatial data in a Bayesian framework},
  author={Hadfield, JD and Richardson, DS and Burke, T},
  journal={Molecular Ecology},
  volume={15},
  number={12},
  pages={3715--3730},
  year={2006},
  publisher={Wiley Online Library}
}
@article{klein2008pollen,
  title={Pollen flow in the wildservice tree, Sorbus torminalis (L.) Crantz. IV. Whole interindividual variance of male fecundity estimated jointly with the dispersal kernel},
  author={Klein, Etienne K and Desassis, Nicolas and ODDOU-MURATORIO, Sylvie},
  journal={Molecular Ecology},
  volume={17},
  number={14},
  pages={3323--3336},
  year={2008},
  publisher={Wiley Online Library}
}
@article{oddou2005pollen,
  title={Pollen flow in the wildservice tree, Sorbus torminalis (L.) Crantz. II. Pollen dispersal and heterogeneity in mating success inferred from parent--offspring analysis},
  author={ODDOU-MURATORIO, SYLVIE and Klein, Etienne K and Austerlitz, Frederic},
  journal={Molecular Ecology},
  volume={14},
  number={14},
  pages={4441--4452},
  year={2005},
  publisher={Wiley Online Library}
}
@article{clark1998trees,
  title={Why trees migrate so fast: confronting theory with dispersal biology and the paleorecord},
  author={Clark, James S},
  journal={The American Naturalist},
  volume={152},
  number={2},
  pages={204--224},
  year={1998},
  publisher={The University of Chicago Press}
}
@article{ottewell2012pollen,
  title={The pollen dispersal kernel and mating system of an insect-pollinated tropical palm, Oenocarpus bataua},
  author={Ottewell, K and Grey, E and Castillo, F and Karubian, J},
  journal={Heredity},
  volume={109},
  number={6},
  pages={332--339},
  year={2012},
  publisher={Nature Publishing Group}
}
@article{austerlitz2004using,
  title={Using genetic markers to estimate the pollen dispersal curve},
  author={Austerlitz, Frederic and Dick, Christopher W and Dutech, Cyril and Klein, Etienne K and Oddou-Muratorio, Sylvie and Smouse, Peter E and Sork, Victoria L},
  journal={Molecular ecology},
  volume={13},
  number={4},
  pages={937--954},
  year={2004},
  publisher={Wiley Online Library}
}

@Article{Nadarajah2005,
  author    = {Nadarajah, Saralees},
  title     = {A generalized normal distribution},
  journal   = {Journal of Applied Statistics},
  year      = {2005},
  volume    = {32},
  number    = {7},
  pages     = {685--694},
  publisher = {Taylor \& Francis},
}

@Book{McCullagh1989,
  author    = {McCullagh, Peter and Nelder, JA},
  publisher = {Chapman and Hall},
  title     = {Generalized Linear Models},
  year      = {1989},
  address   = {New York},
  edition   = {2},
  groups    = {[thoel507:]},
  owner     = {thoel507},
  timestamp = {2018.05.09},
}

@Article{Merilae1999,
  author    = {Meril{\"a}, Juha and Sheldon, Ben C},
  journal   = {Heredity},
  title     = {Genetic architecture of fitness and nonfitness traits: empirical patterns and development of ideas},
  year      = {1999},
  number    = {2},
  pages     = {103--109},
  volume    = {83},
  groups    = {thoel507:6},
  owner     = {thoel507},
  publisher = {Nature Publishing Group},
  timestamp = {2018.05.10},
}

@Article{milesi2016relating,
  Title                    = {Relating fitness to long-term environmental variations in natura},
  Author                   = {Milesi, Pascal and Lenormand, Thomas and Lagneau, Christophe and Weill, Myl{\`e}ne and Labb{\'e}, Pierrick},
  Journal                  = {Molecular Ecology},
  Year                     = {2016},
  Number                   = {21},
  Pages                    = {5483--5499},
  Volume                   = {25},

  Publisher                = {Wiley Online Library}
}

@Article{Mitchell-Olds1987,
  author    = {Mitchell-Olds, Thomas and Shaw, Ruth G},
  journal   = {Evolution},
  title     = {Regression analysis of natural selection: statistical inference and biological interpretation},
  year      = {1987},
  pages     = {1149--1161},
  groups    = {thoel507:6},
  owner     = {thoel507},
  publisher = {JSTOR},
  timestamp = {2018.05.10},
}

@Article{Mojica2012,
  author    = {Mojica, Julius P and Lee, Young Wha and Willis, John H and Kelly, John K},
  journal   = {Molecular Ecology},
  title     = {Spatially and temporally varying selection on intrapopulation quantitative trait loci for a life history trade-off in Mimulus guttatus},
  year      = {2012},
  number    = {15},
  pages     = {3718--3728},
  volume    = {21},
  groups    = {thoel507:6},
  owner     = {thoel507},
  publisher = {Wiley Online Library},
  timestamp = {2018.05.10},
}

@Article{Moles2006,
  author    = {Moles, Angela T and Westoby, Mark},
  journal   = {Oikos},
  title     = {Seed size and plant strategy across the whole life cycle},
  year      = {2006},
  number    = {1},
  pages     = {91--105},
  volume    = {113},
  groups    = {thoel507:6},
  owner     = {thoel507},
  publisher = {Wiley Online Library},
  timestamp = {2018.05.10},
}

@Article{Moles2004,
  author    = {Moles, Angela T and Westoby, Mark},
  journal   = {Journal of Ecology},
  title     = {Seedling survival and seed size: a synthesis of the literature},
  year      = {2004},
  number    = {3},
  pages     = {372--383},
  volume    = {92},
  groups    = {thoel507:6},
  owner     = {thoel507},
  publisher = {Wiley Online Library},
  timestamp = {2018.05.10},
}

@Article{morrissey2012directional,
  Title                    = {Directional selection in temporally replicated studies is remarkably consistent},
  Author                   = {Morrissey, Michael B and Hadfield, Jarrod D},
  Journal                  = {Evolution},
  Year                     = {2012},
  Number                   = {2},
  Pages                    = {435--442},
  Volume                   = {66},

  Publisher                = {Wiley Online Library}
}

@Article{Nakagawa2007,
  author    = {Nakagawa, Shinichi and Cuthill, Innes C},
  journal   = {Biological Reviews},
  title     = {Effect size, confidence interval and statistical significance: a practical guide for biologists},
  year      = {2007},
  number    = {4},
  pages     = {591--605},
  volume    = {82},
  groups    = {[thoel507:]},
  owner     = {thoel507},
  publisher = {Wiley Online Library},
  timestamp = {2018.05.09},
}

@Article{Nienhuis1994,
  Title                    = {Variance for water-use efficiency among ecotypes and recombinant inbred lines of \emph{{A}rabidopsis thaliana} (Brassicaceae)},
  Author                   = {Nienhuis, James and Sills, Gavin R and Martin, Bjorn and King, Gretchen},
  Journal                  = {American Journal of Botany},
  Year                     = {1994},
  Number                   = {8},
  Pages                    = {943--947},
  Volume                   = {81},

  Publisher                = {Wiley Online Library}
}

@Article{nienhuis1994variance,
  Title                    = {Variance for water-use efficiency among ecotypes and recombinant inbred lines of \emph{{A}rabidopsis thaliana} (Brassicaceae)},
  Author                   = {Nienhuis, James and Sills, Gavin R and Martin, Bjorn and King, Gretchen},
  Journal                  = {American Journal of Botany},
  Year                     = {1994},
  Number                   = {8},
  Pages                    = {943--947},
  Volume                   = {81},

  Publisher                = {Wiley Online Library}
}

@Article{oakley2014qtl,
  Title                    = {{QTL} mapping of freezing tolerance: links to fitness and adaptive trade-offs},
  Author                   = {Oakley, Christopher G and {\AA}gren, Jon and Atchison, Rachel A and Schemske, Douglas W},
  Journal                  = {Molecular Ecology},
  Year                     = {2014},
  Number                   = {17},
  Pages                    = {4304--4315},
  Volume                   = {23},

  Publisher                = {Wiley Online Library}
}

@Article{oakley2017genetic,
  author    = {Oakley, Christopher G and Savage, Linda and Lotz, Samuel and Larson, G Rudd and Thomashow, Michael F and Kramer, David M and Schemske, Douglas W},
  title     = {Genetic basis of photosynthetic responses to cold in two locally adapted populations of \emph{{A}rabidopsis thaliana}},
  journal   = {Journal of Experimental Botany},
  year      = {2017},
  volume    = {69},
  number    = {3},
  pages     = {699--709},
  publisher = {Oxford University Press UK},
}

@Article{ohto2005control,
  Title                    = {Control of seed mass by APETALA2},
  Author                   = {Ohto, Masa-aki and Fischer, Robert L and Goldberg, Robert B and Nakamura, Kenzo and Harada, John J},
  Journal                  = {Proceedings of the National Academy of Sciences},
  Year                     = {2005},
  Number                   = {8},
  Pages                    = {3123--3128},
  Volume                   = {102},

  Publisher                = {National Acad Sciences}
}

@Article{ohya2005high,
  Title                    = {High-dimensional and large-scale phenotyping of yeast mutants},
  Author                   = {Ohya, Yoshikazu and Sese, Jun and Yukawa, Masashi and Sano, Fumi and Nakatani, Yoichiro and Saito, Taro L and Saka, Ayaka and Fukuda, Tomoyuki and Ishihara, Satoru and Oka, Satomi and others},
  Journal                  = {Proceedings of the National Academy of Sciences of the United States of America},
  Year                     = {2005},
  Number                   = {52},
  Pages                    = {19015--19020},
  Volume                   = {102},

  Publisher                = {National Acad Sciences}
}

@Article{allen2000adaptation,
  Title                    = {Adaptation and the cost of complexity},
  Author                   = {Orr, Allen H},
  Journal                  = {Evolution},
  Year                     = {2000},
  Number                   = {1},
  Pages                    = {13--20},
  Volume                   = {54},

  Publisher                = {BioOne}
}

@Article{Orr1998,
  author    = {Orr, H Allen},
  title     = {The population genetics of adaptation: the distribution of factors fixed during adaptive evolution},
  journal   = {Evolution},
  year      = {1998},
  volume    = {52},
  number    = {4},
  pages     = {935--949},
  publisher = {Wiley Online Library},
}

@Article{ortegon2012influence,
  Title                    = {Influence of multiple factors on plant local adaptation: soil type and folivore effects in Ruellia nudiflora ({A}canthaceae)},
  Author                   = {Orteg{\'o}n-Campos, Ilka and Abdala-Roberts, Luis and Parra-Tabla, V{\'\i}ctor and Cervera, J Carlos and Marrufo-Zapata, Denis and Herrera, Carlos M},
  Journal                  = {Evolutionary Ecology},
  Year                     = {2012},
  Number                   = {3},
  Pages                    = {545--558},
  Volume                   = {26},

  Publisher                = {Springer}
}

@Article{paaby2013many,
  Title                    = {The many faces of pleiotropy},
  Author                   = {Paaby, Annalise B and Rockman, Matthew V},
  Journal                  = {Trends in Genetics},
  Year                     = {2013},
  Number                   = {2},
  Pages                    = {66--73},
  Volume                   = {29},

  Publisher                = {Elsevier}
}

@Article{Paterson1995,
  author    = {Paterson, Andrew H and Lin, Yann-Rong and Li, Zhikang and Schertz, Keith F and others},
  journal   = {Science},
  title     = {Convergent domestication of cereal crops by independent mutations at corresponding genetic loci},
  year      = {1995},
  number    = {5231},
  pages     = {1714},
  volume    = {269},
  groups    = {thoel507:6},
  owner     = {thoel507},
  publisher = {The American Association for the Advancement of Science},
  timestamp = {2018.05.10},
}

@PhdThesis{postma2016_thesis,
  Title                    = {Selection during Early Life Stages and Local Adaptation in \emph{{A}rabidopsis thaliana}},
  Author                   = {Postma, Froukje M.},
  School                   = {Uppsala University},
  Year                     = {2016}
}

@Article{postma_early_2016,
  Title                    = {Early life stages contribute strongly to local adaptation in \emph{{A}rabidopsis thaliana}},
  Author                   = {Postma, Froukje M. and {\AA}gren, Jon},
  Journal                  = {Proceedings of the National Academy of Sciences},
  Year                     = {2016},

  Month                    = jul,
  Number                   = {27},
  Pages                    = {7590--7595},
  Volume                   = {113},

  Date-modified            = {2016-07-22 10:39:17 +0000},
  Doi                      = {10.1073/pnas.1606303113},
  ISSN                     = {0027-8424, 1091-6490},
  Keywords                 = {adaptive differentiation, divergent selection, genetic tradeoff, pleiotropy, QTL mapping},
  Language                 = {en},
  Pmid                     = {27330113}
}

@Article{postma_maternal_2015,
  Title                    = {Maternal environment affects the genetic basis of seed dormancy in \emph{{A}rabidopsis thaliana}},
  Author                   = {Postma, Froukje M. and {\AA}gren, Jon},
  Journal                  = {Molecular Ecology},
  Year                     = {2015},

  Month                    = feb,
  Number                   = {4},
  Pages                    = {785--797},
  Volume                   = {24},

  Date-modified            = {2016-07-22 10:39:17 +0000},
  Doi                      = {10.1111/mec.13061},
  ISSN                     = {1365-294X},
  Keywords                 = {adaptation, Arabidopsis thaliana, genotype-by-environment interactions, maternal effects, quantitative trait loci mapping, seed dormancy},
  Language                 = {en}
}

@Article{postma_seed_2016,
  Title                    = {Seed dormancy cycling and mortality differ between two locally adapted populations of \emph{{A}rabidopsis thaliana}},
  Author                   = {Postma, Froukje M. and Lundemo, Sverre and {\AA}gren, Jon},
  Journal                  = {Annals of Botany},
  Year                     = {2016},

  Month                    = feb,
  Number                   = {2},
  Pages                    = {249--256},
  Volume                   = {117},

  Bdsk-url-1               = {http://aob.oxfordjournals.org/content/117/2/249},
  Bdsk-url-2               = {http://dx.doi.org/10.1093/aob/mcv171},
  Date-modified            = {2016-07-22 10:39:47 +0000},
  Doi                      = {10.1093/aob/mcv171},
  ISSN                     = {0305-7364, 1095-8290},
  Keywords                 = {Arabidopsis thaliana, bet-hedging, dormancy cycling, local adaptation, natural variation, physiological dormancy, secondary dormancy, seed bank, seed mortality, seed predation},
  Language                 = {en},
  Pmid                     = {26637384}
}

@Article{postma2015seed,
  Title                    = {Seed dormancy cycling and mortality differ between two locally adapted populations of \emph{{A}rabidopsis thaliana}},
  Author                   = {Postma, Froukje M and Lundemo, Sverre and {\AA}gren, Jon},
  Journal                  = {Annals of Botany},
  Year                     = {2015},
  Number                   = {2},
  Pages                    = {249--256},
  Volume                   = {117},

  Publisher                = {Oxford University Press}
}

@Article{Puckridge1967,
  author    = {Puckridge, DW and Donald, CM},
  journal   = {Crop and Pasture Science},
  title     = {Competition among wheat plants sown at a wide range of densities},
  year      = {1967},
  number    = {2},
  pages     = {193--211},
  volume    = {18},
  groups    = {thoel507:6},
  owner     = {thoel507},
  publisher = {CSIRO},
  timestamp = {2018.05.10},
}

@Manual{RCT2015,
  Title                    = {R: {A} Language and Environment for Statistical Computing},

  Address                  = {Vienna, Austria},
  Author                   = {{R Core Team}},
  Organization             = {R Foundation for Statistical Computing},
  Year                     = {2018},

  Owner                    = {thoel507},
  Timestamp                = {2018.05.09},
  Url                      = {http://www.R-project.org/}
}

@Book{Roff2002,
  author    = {Roff, Derek},
  publisher = {Sinauer Associates},
  title     = {Life history evolution},
  year      = {2002},
  address   = {Sunderland, Massachusetts},
  groups    = {thoel507:6},
  owner     = {thoel507},
  timestamp = {2018.05.10},
}

@Article{Rose1982,
  author    = {Rose, Michael R},
  journal   = {Heredity},
  title     = {Antagonistic pleiotropy, dominance, and genetic variation},
  year      = {1982},
  number    = {1},
  pages     = {63},
  volume    = {48},
  groups    = {thoel507:6},
  owner     = {thoel507},
  publisher = {Nature Publishing Group},
  timestamp = {2018.05.10},
}

@Manual{RStudioTeam2015,
  Title                    = {RStudio: Integrated Development Environment for {R}},

  Address                  = {Boston, MA},
  Author                   = {{RStudio Team}},
  Organization             = {RStudio, Inc.},
  Year                     = {2016},

  Owner                    = {thoel507},
  Timestamp                = {2018.05.09},
  Url                      = {http://www.rstudio.com/}
}

@Article{Sadras2007,
  author    = {Sadras, Victor O},
  journal   = {Field Crops Research},
  title     = {Evolutionary aspects of the trade-off between seed size and number in crops},
  year      = {2007},
  number    = {2},
  pages     = {125--138},
  volume    = {100},
  groups    = {thoel507:6},
  owner     = {thoel507},
  publisher = {Elsevier},
  timestamp = {2018.05.10},
}

@Book{Salisbury1942,
  author    = {Salisbury, E. J.},
  publisher = {Bell},
  title     = {Reproductive capacity of plants},
  year      = {1942},
  address   = {London},
  groups    = {thoel507:6},
  owner     = {thoel507},
  timestamp = {2018.05.10},
}

@Article{Savolainen2013,
  author    = {Savolainen, Outi and Lascoux, Martin and Meril{\"a}, Juha},
  journal   = {Nature Reviews Genetics},
  title     = {Ecological genomics of local adaptation},
  year      = {2013},
  number    = {11},
  pages     = {807--820},
  volume    = {14},
  groups    = {thoel507:6},
  owner     = {thoel507},
  publisher = {Nature Research},
  timestamp = {2018.05.10},
}

@Article{savolainen2007gene,
  Title                    = {Gene flow and local adaptation in trees},
  Author                   = {Savolainen, Outi and Pyh{\"a}j{\"a}rvi, Tanja and Kn{\"u}rr, Timo},
  Journal                  = {Annu. Rev. Ecol. Evol. Syst.},
  Year                     = {2007},
  Pages                    = {595--619},
  Volume                   = {38},

  Publisher                = {Annual Reviews}
}

@Article{Schick2015,
  author    = {Schick, Alana and Bailey, Susan F and Kassen, Rees},
  journal   = {American Naturalist},
  title     = {Evolution of fitness trade-offs in locally adapted populations of \emph{{P}seudomonas fluorescens}},
  year      = {2015},
  pages     = {S48--S59},
  volume    = {186},
  groups    = {thoel507:6},
  owner     = {thoel507},
  publisher = {JSTOR},
  timestamp = {2018.05.10},
}

@Article{schluter1991conflicting,
  Title                    = {Conflicting selection pressures and life history trade-offs},
  Author                   = {Schluter, Dolph and Price, Trevor D and Rowe, Locke},
  Journal                  = {Proc. R. Soc. Lond. B},
  Year                     = {1991},
  Number                   = {1315},
  Pages                    = {11--17},
  Volume                   = {246},

  Publisher                = {The Royal Society}
}

@Article{schmalhausen1949factors,
  Title                    = {Factors of evolution: the theory of stabilizing selection.},
  Author                   = {Schmalhausen, Ivan Ivanovich},
  Year                     = {1949},

  Publisher                = {Blakiston}
}

@Article{Siepielski2011,
  Title                    = {Differences in the temporal dynamics of phenotypic selection among fitness components in the wild},
  Author                   = {Siepielski, Adam M and DiBattista, Joseph D and Evans, Jeffrey A and Carlson, Stephanie M},
  Journal                  = {Proceedings of the Royal Society of London B: Biological Sciences},
  Year                     = {2011},
  Number                   = {1711},
  Pages                    = {1572--1580},
  Volume                   = {278},

  Publisher                = {The Royal Society}
}

@Article{siepielski2011differences,
  Title                    = {Differences in the temporal dynamics of phenotypic selection among fitness components in the wild},
  Author                   = {Siepielski, Adam M and DiBattista, Joseph D and Evans, Jeffrey A and Carlson, Stephanie M},
  Journal                  = {Proceedings of the Royal Society of London B: Biological Sciences},
  Year                     = {2011},
  Number                   = {1711},
  Pages                    = {1572--1580},
  Volume                   = {278},

  Publisher                = {The Royal Society}
}

@Article{siepielski2013spatial,
  Title                    = {The spatial patterns of directional phenotypic selection},
  Author                   = {Siepielski, Adam M and Gotanda, Kiyoko M and Morrissey, Michael B and Diamond, Sarah E and DiBattista, Joseph D and Carlson, Stephanie M},
  Journal                  = {Ecology Letters},
  Year                     = {2013},
  Number                   = {11},
  Pages                    = {1382--1392},
  Volume                   = {16},

  Publisher                = {Wiley Online Library}
}

@Article{Silvertown1989,
  author    = {Silvertown, Jonathan},
  journal   = {Trends in Ecology \& Evolution},
  title     = {The paradox of seed size and adaptation},
  year      = {1989},
  number    = {1},
  pages     = {24--26},
  volume    = {4},
  groups    = {thoel507:6},
  owner     = {thoel507},
  publisher = {Elsevier},
  timestamp = {2018.05.10},
}

@Article{slatkin1982pleiotropy,
  Title                    = {Pleiotropy and parapatric speciation},
  Author                   = {Slatkin, Montgomery},
  Journal                  = {Evolution},
  Year                     = {1982},
  Number                   = {2},
  Pages                    = {263--270},
  Volume                   = {36},

  Publisher                = {Wiley Online Library}
}

@Article{Smith1974,
  author    = {Smith, Christopher C and Fretwell, Stephen D},
  journal   = {The American Naturalist},
  title     = {The optimal balance between size and number of offspring},
  year      = {1974},
  pages     = {499--506},
  groups    = {thoel507:6},
  owner     = {thoel507},
  publisher = {JSTOR},
  timestamp = {2018.05.10},
}

@Article{Smith1958,
  author    = {Smith, J Maynard},
  journal   = {Journal of Experimental Biology},
  title     = {The effects of temperature and of egg-laying on the longevity of \emph{Drosophila subobscura}},
  year      = {1958},
  number    = {4},
  pages     = {832--842},
  volume    = {35},
  groups    = {thoel507:6},
  owner     = {thoel507},
  publisher = {The Company of Biologists Ltd},
  timestamp = {2018.05.10},
}

@Article{Stanton1984,
  author    = {Stanton, Maureen L},
  journal   = {Ecology},
  title     = {Seed variation in wild radish: effect of seed size on components of seedling and adult fitness},
  year      = {1984},
  number    = {4},
  pages     = {1105--1112},
  volume    = {65},
  groups    = {thoel507:6},
  owner     = {thoel507},
  publisher = {Wiley Online Library},
  timestamp = {2018.05.10},
}

@Article{stearns2010one,
  Title                    = {One hundred years of pleiotropy: a retrospective},
  Author                   = {Stearns, Frank W},
  Journal                  = {Genetics},
  Year                     = {2010},
  Number                   = {3},
  Pages                    = {767--773},
  Volume                   = {186},

  Publisher                = {Genetics Soc America}
}

@Book{Stearns1992,
  author    = {Stearns, Stephen C.},
  publisher = {Oxford University Press},
  title     = {The Evolution of Life Histories},
  year      = {1992},
  address   = {Oxford},
  groups    = {thoel507:6},
  owner     = {thoel507},
  timestamp = {2018.05.10},
}

@Article{stern1998role,
  Title                    = {A role of Ultrabithorax in morphological differences between Drosophila species},
  Author                   = {Stern, David L},
  Journal                  = {Nature},
  Year                     = {1998},
  Number                   = {6710},
  Pages                    = {463},
  Volume                   = {396},

  Publisher                = {Nature Publishing Group}
}

@Article{Tiffin2014,
  author    = {Tiffin, Peter and Ross-Ibarra, Jeffrey},
  journal   = {Trends in Ecology \& Evolution},
  title     = {Advances and limits of using population genetics to understand local adaptation},
  year      = {2014},
  number    = {12},
  pages     = {673--680},
  volume    = {29},
  groups    = {thoel507:6},
  owner     = {thoel507},
  publisher = {Elsevier},
  timestamp = {2018.05.10},
}

@Article{turner2010population,
  Title                    = {Population resequencing reveals local adaptation of \emph{{A}rabidopsis lyrata} to serpentine soils},
  Author                   = {Turner, Thomas L and Bourne, Elizabeth C and Von Wettberg, Eric J and Hu, Tina T and Nuzhdin, Sergey V},
  Journal                  = {Nature Genetics},
  Year                     = {2010},
  Number                   = {3},
  Pages                    = {260},
  Volume                   = {42},

  Publisher                = {Nature Publishing Group}
}

@Article{van2008unseen,
  Title                    = {The unseen majority: soil microbes as drivers of plant diversity and productivity in terrestrial ecosystems},
  Author                   = {Van Der Heijden, Marcel GA and Bardgett, Richard D and Van Straalen, Nico M},
  Journal                  = {Ecology Letters},
  Year                     = {2008},
  Number                   = {3},
  Pages                    = {296--310},
  Volume                   = {11},

  Publisher                = {Wiley Online Library}
}

@Article{VanNoordwijk1986,
  author    = {Van Noordwijk, Arie J and de Jong, Gerdien},
  journal   = {The American Naturalist},
  title     = {Acquisition and allocation of resources: Their influence on variation in life history tactics},
  year      = {1986},
  number    = {1},
  pages     = {137--142},
  volume    = {128},
  groups    = {thoel507:6},
  owner     = {thoel507},
  publisher = {University of Chicago Press},
  timestamp = {2018.05.10},
}

@Article{Venable1992,
  author    = {Venable, D Lawrence},
  journal   = {American Naturalist},
  title     = {Size-number trade-offs and the variation of seed size with plant resource status},
  year      = {1992},
  pages     = {287--304},
  groups    = {thoel507:6},
  owner     = {thoel507},
  publisher = {JSTOR},
  timestamp = {2018.05.10},
}

@Article{verhoeven2008habitat,
  Title                    = {Habitat-specific natural selection at a flowering-time QTL is a main driver of local adaptation in two wild barley populations},
  Author                   = {Verhoeven, KJF and Poorter, H and Nevo, E and Biere, A},
  Journal                  = {Molecular Ecology},
  Year                     = {2008},
  Number                   = {14},
  Pages                    = {3416--3424},
  Volume                   = {17},

  Publisher                = {Wiley Online Library}
}

@Article{Verhoeven2004,
  author    = {Verhoeven, Koen JF and Vanhala, Tytti K and Biere, Arjen and Nevo, Eviatar and van Damme, Jos MM},
  journal   = {Evolution},
  title     = {The genetic basis of adaptive population differentiation: a quantitative trait locus analysis of fitness traits in two wild barley populations from contrasting habitats},
  year      = {2004},
  number    = {2},
  pages     = {270--283},
  volume    = {58},
  groups    = {thoel507:6},
  owner     = {thoel507},
  publisher = {BioOne},
  timestamp = {2018.05.10},
}

@Article{deVillemereuil2016common,
  Title                    = {Common garden experiments in the genomic era: new perspectives and opportunities},
  Author                   = {de Villemereuil, Pierre and Gaggiotti, Oscar E and Mouterde, M{\'e}d{\'e}ric and Till-Bottraud, Irene},
  Journal                  = {Heredity},
  Year                     = {2016},
  Number                   = {3},
  Pages                    = {249},
  Volume                   = {116},

  Publisher                = {Nature Publishing Group}
}

@Article{Volis2002,
  author    = {Volis, Sergei and Mendlinger, Samuel and Ward, David},
  journal   = {Biological Journal of the Linnean Society},
  title     = {Differentiation in populations of Hordeum spontaneum along a gradient of environmental productivity and predictability: life history and local adaptation},
  year      = {2002},
  number    = {4},
  pages     = {479--490},
  volume    = {77},
  groups    = {thoel507:6},
  owner     = {thoel507},
  publisher = {Oxford University Press},
  timestamp = {2018.05.10},
}

@Article{Wadgymar2017,
  author    = {Wadgymar, Susana M and Lowry, David B and Gould, Billie A and Byron, Caitlyn N and Mactavish, Rachel M and Anderson, Jill T},
  journal   = {Methods in Ecology and Evolution},
  title     = {Identifying targets and agents of selection: innovative methods to evaluate the processes that contribute to local adaptation},
  year      = {2017},
  number    = {6},
  pages     = {738--749},
  volume    = {8},
  groups    = {thoel507:6},
  owner     = {thoel507},
  publisher = {Wiley Online Library},
  timestamp = {2018.05.10},
}

@Article{wagner2008pleiotropic,
  Title                    = {Pleiotropic scaling of gene effects and the ‘cost of complexity’},
  Author                   = {Wagner, G{\"u}nter P and Kenney-Hunt, Jane P and Pavlicev, Mihaela and Peck, Joel R and Waxman, David and Cheverud, James M},
  Journal                  = {Nature},
  Year                     = {2008},
  Number                   = {7186},
  Pages                    = {470},
  Volume                   = {452},

  Publisher                = {Nature Publishing Group}
}

@Article{wang2010genomic,
  Title                    = {Genomic patterns of pleiotropy and the evolution of complexity},
  Author                   = {Wang, Zhi and Liao, Ben-Yang and Zhang, Jianzhi},
  Journal                  = {Proceedings of the National Academy of Sciences},
  Year                     = {2010},
  Number                   = {42},
  Pages                    = {18034--18039},
  Volume                   = {107},

  Publisher                = {National Acad Sciences}
}

@Book{Williams1966,
  author    = {Williams, George C},
  publisher = {Princeton University Press},
  title     = {Adaptation and {N}atural {S}election},
  year      = {1966},
  address   = {Princeton},
  groups    = {thoel507:6},
  owner     = {thoel507},
  timestamp = {2018.05.10},
}

@Article{Williams1966a,
  author    = {Williams, George C},
  journal   = {The American Naturalist},
  title     = {Natural selection, the costs of reproduction, and a refinement of {L}ack's principle},
  year      = {1966},
  number    = {916},
  pages     = {687--690},
  volume    = {100},
  groups    = {thoel507:6},
  owner     = {thoel507},
  publisher = {Science Press},
  timestamp = {2018.05.10},
}

@Article{williams1957pleiotropy,
  Title                    = {Pleiotropy, natural selection, and the evolution of senescence},
  Author                   = {Williams, George C},
  Journal                  = {Evolution},
  Year                     = {1957},
  Number                   = {4},
  Pages                    = {398--411},
  Volume                   = {11},

  Publisher                = {Wiley Online Library}
}

@Article{wright2006local,
  Title                    = {Local adaptation to serpentine and non-serpentine soils in Collinsia sparsiflora},
  Author                   = {Wright, Jessica Wilcox and Stanton, Maureen L and Scherson, Rosa},
  Journal                  = {Evolutionary Ecology Research},
  Year                     = {2006},
  Number                   = {1},
  Pages                    = {1--21},
  Volume                   = {8},

  Publisher                = {Evolutionary Ecology, Ltd.}
}

@Article{xu2003theoretical,
  Title                    = {Theoretical basis of the Beavis effect},
  Author                   = {Xu, Shizhong},
  Journal                  = {Genetics},
  Year                     = {2003},
  Number                   = {4},
  Pages                    = {2259--2268},
  Volume                   = {165},

  Publisher                = {Genetics Soc America}
}

@Article{chardon2010natural,
  author    = {Chardon, Fabien and Barth{\'e}l{\'e}my, Julien and Daniel-Vedele, Fran{\c{c}}oise and Masclaux-Daubresse, C{\'e}line},
  title     = {Natural variation of nitrate uptake and nitrogen use efficiency in \emph{{A}rabidopsis thaliana} cultivated with limiting and ample nitrogen supply},
  journal   = {Journal of Experimental Botany},
  year      = {2010},
  volume    = {61},
  number    = {9},
  pages     = {2293--2302},
  publisher = {Oxford University Press},
}

@Book{harrell2001regression,
  title     = {Regression modeling strategies: with applications to linear models, logistic and ordinal regression, and survival analysis},
  publisher = {Springer},
  year      = {2001},
  author    = {Harrell, Frank E},
}

@Article{bates2015,
  author  = {Douglas Bates and Martin M{\"a}chler and Ben Bolker and Steve Walker},
  title   = {Fitting Linear Mixed-Effects Models Using {lme4}},
  journal = {Journal of Statistical Software},
  year    = {2015},
  volume  = {67},
  number  = {1},
  pages   = {1--48},
  doi     = {10.18637/jss.v067.i01},
}

@Article{siepielski2009s,
  author    = {Siepielski, Adam M and DiBattista, Joseph D and Carlson, Stephanie M},
  title     = {It’s about time: the temporal dynamics of phenotypic selection in the wild},
  journal   = {Ecology Letters},
  year      = {2009},
  volume    = {12},
  number    = {11},
  pages     = {1261--1276},
  publisher = {Wiley Online Library},
}

@Article{edward2011mechanisms,
  author    = {Edward, Dominic A and Chapman, Tracey},
  title     = {Mechanisms underlying costs of reproduction},
  year      = {2011},
  publisher = {Oxford University Press},
}

@Article{orozco2015networks,
  author    = {Orozco-Arroyo, Gregorio and Paolo, Dario and Ezquer, Ignacio and Colombo, Lucia},
  journal   = {Plant reproduction},
  title     = {Networks controlling seed size in Arabidopsis},
  year      = {2015},
  number    = {1},
  pages     = {17--32},
  volume    = {28},
  publisher = {Springer},
}

@Comment{jabref-meta: databaseType:bibtex;}

@Comment{jabref-meta: grouping:
0 AllEntriesGroup:;
1 StaticGroup:Markings\;2\;1\;\;\;\;;
2 StaticGroup:[thoel507:]\;2\;1\;\;\;\;;
2 StaticGroup:thoel507:6\;2\;1\;\;\;\;;
}
